<record><leader>00000cas a22000007a 4500</leader><controlfield tag="001">9563632</controlfield><controlfield tag="008">830601d18961897ksudr ne      0    0eng d</controlfield><datafield ind1=" " ind2=" " tag="010"><subfield code="a">sn 83040323 </subfield></datafield><datafield ind1=" " ind2=" " tag="040"><subfield code="a">KSH</subfield><subfield code="b">eng</subfield><subfield code="c">KSH</subfield><subfield code="d">NPT</subfield><subfield code="d">OCLCQ</subfield></datafield><datafield ind1=" " ind2=" " tag="042"><subfield code="a">msc</subfield></datafield><datafield ind1=" " ind2=" " tag="043"><subfield code="a">n-us-ks</subfield></datafield><datafield ind1="0" ind2="4" tag="245"><subfield code="a">The Iola evening news.</subfield></datafield><datafield ind1=" " ind2=" " tag="260"><subfield code="a">Iola, Kan. :</subfield><subfield code="b">E.S. Davis,</subfield><subfield code="c">-1897.</subfield></datafield><datafield ind1=" " ind2=" " tag="300"><subfield code="a">v. ;</subfield><subfield code="c">40-50 cm.</subfield></datafield><datafield ind1=" " ind2=" " tag="310"><subfield code="a">Daily (except Sun.)</subfield></datafield><datafield ind1="0" ind2=" " tag="362"><subfield code="a">-v. 2, no. 53 (Nov. 6, 1897).</subfield></datafield><datafield ind1="1" ind2=" " tag="362"><subfield code="a">Began in 1896.</subfield></datafield><datafield ind1=" " ind2=" " tag="500"><subfield code="a">"Republican." Cf. Ayer, 1898.</subfield></datafield><datafield ind1=" " ind2=" " tag="500"><subfield code="a">Editor: E.S. Davis.</subfield></datafield><datafield ind1=" " ind2=" " tag="515"><subfield code="a">Supplements accompany some numbers.</subfield></datafield><datafield ind1=" " ind2=" " tag="588"><subfield code="a">Description based on: Vol. 1, no. 75 (Nov. 28, 1896).</subfield></datafield><datafield ind1="1" ind2=" " tag="700"><subfield code="a">Davis, E. S.</subfield></datafield><datafield ind1=" " ind2=" " tag="752"><subfield code="a">United States</subfield><subfield code="b">Kansas</subfield><subfield code="c">Allen</subfield><subfield code="d">Iola.</subfield></datafield><datafield ind1="0" ind2="7" tag="785"><subfield code="t">Iola daily register (Iola, Kan. : 1897)</subfield><subfield code="w">(DLC)sn 83040292</subfield></datafield><datafield ind1="0" ind2="7" tag="785"><subfield code="t">Iola daily register and evening news</subfield><subfield code="w">(DLC)sn 83040293</subfield></datafield></record>